@inproceedings{ibarra2023detection,
  title={Detection of Panama Disease on Banana Leaves Using the YOLOv4 Algorithm},
  author={Ibarra, Nionel C and Rivera, Matthew P and Manlises, Cyrel O},
  booktitle={2023 15th International Conference on Computer and Automation Engineering (ICCAE)},
  pages={209--214},
  year={2023},
  organization={IEEE}
}
@article{sangeetha2023improved,
  title={An improved agro deep learning model for detection of Panama wilts disease in banana leaves},
  author={Sangeetha, Ramachandran and Logeshwaran, Jaganathan and Rocher, Javier and Lloret, Jaime},
  journal={AgriEngineering},
  volume={5},
  number={2},
  pages={660--679},
  year={2023},
  publisher={MDPI}
}
@article{zhang2022banana,
  title={Banana fusarium wilt disease detection by supervised and unsupervised methods from UAV-based multispectral imagery},
  author={Zhang, Shimin and Li, Xiuhua and Ba, Yuxuan and Lyu, Xuegang and Zhang, Muqing and Li, Minzan},
  journal={Remote Sensing},
  volume={14},
  number={5},
  pages={1231},
  year={2022},
  publisher={MDPI}
}
@inproceedings{anasta2021disease,
  title={Disease detection in banana trees using an image processing-based thermal camera},
  author={Anasta, N and Setyawan, FXA and Fitriawan, H},
  booktitle={IOP Conference Series: Earth and Environmental Science},
  volume={739},
  number={1},
  pages={012088},
  year={2021},
  organization={IOP Publishing}
}
@inproceedings{aruraj2019detection,
  title={Detection and classification of diseases of banana plant using local binary pattern and support vector machine},
  author={Aruraj, Akshaya and Alex, Ashish and Subathra, MSP and Sairamya, NJ and George, S Thomas and Ewards, SE Vinodh},
  booktitle={2019 2nd International Conference on Signal Processing and Communication (ICSPC)},
  pages={231--235},
  year={2019},
  organization={IEEE}
}
@article{oliveira2019socioeconomia,
  author={Oliveira, Maria Aparecida Brito and Neto, Carivaldo Pereira Neves and Espínola, Jaiane Dias and Batista, Maria Vitória de Lima},
  title={\textbf{A socioeconomia do Distrito de Irrigação Formoso (DIF) em Bom Jesus da Lapa (BA): os impactos das atividades geoeconômicas e o trabalho dos agricultores familiares}},
  booktitle={Revista Trilhas, v. 11, n. 1, p. 1-18},
  year={2019},
}
@article{luna2019early,
  title={Early detection of the fungal banana black sigatoka pathogen Pseudocercospora fijiensis by an SPR immunosensor method},
  author={Luna-Moreno, Donato and S{\'a}nchez-{\'A}lvarez, Araceli and Islas-Flores, Ignacio and Canto-Canche, Blondy and Carrillo-Pech, Mildred and Villarreal-Chiu, Juan Francisco and Rodr{\'\i}guez-Delgado, Melissa},
  journal={Sensors},
  volume={19},
  number={3},
  pages={465},
  year={2019},
  publisher={MDPI}
}
 @report{car1997programa,
  author = {COMPANHIA DE DESENVOLVIMENTO E AÇÃO REGIONAL CAR-BA},
  title = {Programa de Desenvolvimento Regional Sustentável - PDRS: Oeste da Bahia},
  year = {1997},
  publisher = {CAR - COMPANHIA DE DESENVOLVIMENTO E AÇÃO REGIONAL},
  address = {Salvador},
}

@article{cordeiro2017manual,
  author = {Cordeiro, Zilton José Maciel and Fancelli, Marilene and Ritzinger, Cecília Helena Silvino Prata and Ferreira, Danúzia Maria Vieira},
  title = {Manual de identificação de doenças, nematoides e pragas na cultura da bananeira},
  booktitle = {Embrapa},
  year = {2017},
  address = {Cruz das Almas, BA},
  edition = {2},
}



@MastersThesis{leite2022,
  author = {Tiago de Miranda Leite},
  title = {Deep learning em dois estágios para detecção e classificação de doenças em folhas de plantas com aplicação em dispositivos móveis},
  school = {Instituto de Ciências Matemáticas e de Computação (ICMC-USP)},
  year = {2022},
  advisor = {Prof. Dr. Moacir Antonelli Ponti},
  address = {USP-São Carlos},
  month = {janeiro},
}



@article{selvaraj2019,
  author = {Michael Gomez Selvaraj and Alejandro Vergara and Henry Ruiz and Nancy Safari and Sivalingam Elayabalan and Walter Ocimati and Guy Blomme},
  title = {AI-powered banana diseases and pest detection},
  journal = {Plant Methods},
  volume = {15},
  year = {2019},
  number = {1},
  pages = {92},
  doi = {10.1186/s13007-019-0475-2},
}



@MastersThesis{RezendeTese,
  author = {Vanessa Castro Rezende},
  title = {Metodologia para a classificação automática de doenças em plantas utilizando redes neurais convolucionais},
  school = {Universidade Federal do Pará (UFPA)},
  year = {2019},
  advisor = {Prof. Dr. Roberto Célio Limão de Oliveira},
  address = {Belém-Pará-Brasil},
  
}



@inproceedings{RezendeArt,
author = {Rezende, Vanessa and Costa, Michel and Santos, Adam and Oliveira, Roberto},
year = {2020},
month = {01},
pages = {1-7},
title = {Aplicação de Redes Neurais Convolucionais na Classificação de Doenças de Plantas},
doi = {10.21528/CBIC2019-51}
}



@article{Deteccao_de_sigatoka_am,
author = {Silva, Vinicios and Nogueira, Tiago and Cruz, Gelson and Vinhal, Cássio and Santana, Danyele and Carvalho, Caio},
year = {2024},
month = {06},
pages = {e5280},
title = {Detecção de sigatoka amarela em folhas de banana com redes neurais convolucionais (CNN) e aprendizagem por transferência profunda (DTL)},
volume = {22},
journal = {OBSERVATÓRIO DE LA ECONOMÍA LATINOAMERICANA},
doi = {10.55905/oelv22n6-146}
}




@article{Frutcultura,
author = {Escudero, Cristian and Calvo, Andrés and Martinez, Arley and López, Ana and Molina5, Alexander},
year = {2020},
month = {08},
title = {Development of a digital image classification
system to support technical assistance
for Black Sigatoka detection},
doi = {10.1590/0100-29452020681}
}

@article{DadosArt,
  title={BananaLSD: A banana leaf images dataset for classification of banana leaf diseases using machine learning},
  author={Arman, Shifat E. and Bhuiyan, Md. Abdullahil Baki and Abdullah, Hasan Muhammad and Islam, Shariful and Chowdhury, Tahsin Tanha and Hossain, Md. Arban},
  journal={Data in Brief},
  volume={50},
  pages={109608},
  year={2023},
  publisher={Elsevier},
  doi={10.1016/j.dib.2023.109608}
}



@article{Arti3,
  title={Implementation of IoT with Image processing in plant growth monitoring system},
  author={Lakshmi, K. and Gayathri, S.},
  journal={Journal of Scientific and Innovative Research},
  volume={6},
  number={2},
  pages={80-83},
  year={2017},
  publisher={JSIR}
}


@article{Art4,
  title={Recent advances in image processing techniques for automated leaf pest and disease recognition – A review},
  author={Ngugi, Lawrence C. and Ablewahab, Moataz and Abo-Zahhad, Mohammed},
  journal={Computers and Electronics in Agriculture},
  year={2020},
  volume={170},
  pages={105220},
  publisher={Elsevier},
  doi = {https://doi.org/10.1016/j.inpa.2020.04.004},  
}

@article{Art6,
  title={A Systematic Literature Review of Machine Learning Techniques Deployed in Agriculture: A Case Study of Banana Crop},
  author={Priyanka Sahu, Amit Prakash Singh, Anuradha Chug, Dinesh Singh},
  journal={Journal/Conference Name},
  volume={10},
  pages={87333-87360},
  year={2022},
 
 
}


@article{AlexNetTomat,
  title={AlexNet Convolutional Neural Network for Disease Detection and Classification of Tomato Leaves},
  author={Hsiang-Chung Chen, Agung Wibowo, Andika Winursito, Moisur Rahaman, Jerry Chun-Wei Lin, Liou Chen, Chien-Hung Wei},
  journal={Plants},
  volume={11},
  pages={951},
  year={2022},
  publisher={MDPI},
  doi={10.3390/electronics11060951}
}


@book{LivrodoGPt,
  title={Deep Learning},
  author={Goodfellow, Ian and Bengio, Yoshua and Courville, Aaron},
  year={2016},
  publisher={MIT Press},
  url={http://www.deeplearningbook.org/}
}

@book{Furtado2019,
    author    = {Maria Inês Vasconcellos Furtado},
    title     = {Redes neurais artificiais: uma abordagem para sala de aula},
    year      = {2019},
    publisher = {Atena Editora},
    address   = {Ponta Grossa (PR)},
    note      = {[recurso eletrônico]}
}

@article{atole2018multiclass,
  title={A Multiclass Deep Convolutional Neural Network Classifier for Detection of Common Rice Plant Anomalies},
  author={Atole, Ronnel R. and Park, Daechul},
  journal={International Journal of Advanced Computer Science and Applications (IJACSA)},
  volume={9},
  number={1},
  year={2018},
  publisher={Institute of Information Technology, Partido State University}
}


@thesis{braga2021avaliacao,
  author       = {Matheus Oliveira Braga},
  title        = {Uma avaliação elaborada dos principais modelos de referência para classificação de imagens},
  school       = {Universidade de Brasília},
  year         = {2021},
  address      = {Brasília, Brasil},
  type         = {Monografia de Conclusão de Curso},
  advisor      = {Ricardo Lopes de Queiroz},
  department   = {Departamento de Ciência da Computação},
}


@article{silva2022sistema,
  author       = {Manoel Messias Júnior Silva},
  title        = {Sistema Embarcado Inteligente para Auxílio ao Diagnóstico em Inspeções por Correntes Parasitas Pulsadas},
  school       = {Universidade Federal da Bahia, Departamento de Engenharia Elétrica, Escola Politécnica, Programa de Pós-Graduação em Engenharia Elétrica},
  year         = {2022},
  address      = {Salvador, BA},
  month        = {fevereiro},
}


@misc{embrapa2017,
  author       = {EMBRAPA},
  title        = {Sistemas de produção de banana: doenças da cultura},
  year         = {2017},
  howpublished = {\url{https://www.embrapa.br}},
  note         = {Acesso em: 10 abr. 2025}
}

@article{rezende2020,
  author  = {Rezende, Vanessa R. et al.},
  title   = {Aplicação de Redes Neurais Convolucionais na detecção de doenças em plantas},
  journal = {Revista Brasileira de Computação Aplicada},
  year    = {2020},
  volume  = {12},
  number  = {1},
  pages   = {45--60}
}

@misc{silva2024,
  author = {Silva, João et al.},
  title  = {Redes Neurais e classificação de doenças foliares em bananeiras},
  year   = {2024},
  howpublished = {Trabalho não publicado}
}



% BOOKS

@book{mitchell1997machine,
  author = {Mitchell, Tom M.},
  title = {Machine Learning},
  year = {1997},
  publisher = {McGraw-Hill},
  isbn = {0070428077}
}


@article{arman2023,
  author = {Shifat E. Arman and Md Abdullahil Baki Bhuiyan and Hasan Muhammad Abdullah and Shariful Islam and Tahsin Tanha Chowdhury and Md Arban Hossain},
  title = {BananaLSD: A banana leaf images dataset for classification of banana leaf diseases using machine learning},
  journal = {Data in Brief},
  volume = {50},
  year = {2023},
  pages = {109608},
  doi = {10.1016/j.dib.2023.109608},
}


@article{Rumelhart1986,
  author = {Rumelhart, David E. and Hinton, Geoffrey E. and Williams, Ronald J.},
  title = {Learning representations by back-propagating errors},
  journal = {Nature},
  volume = {323},
  pages = {533--536},
  year = {1986},
  doi = {10.1038/323533a0}
}



@book{Haykin2001,
  author = {Haykin, Simon},
  title = {Neural Networks: A Comprehensive Foundation},
  year = {2001},
  publisher = {Prentice Hall}
}

@book{Goodfellow2016,
  author = {Goodfellow, Ian and Bengio, Yoshua and Courville, Aaron},
  title = {Deep Learning},
  year = {2016},
  publisher = {MIT Press}
}

@article{LeCun1998,
  author = {LeCun, Yann and Bottou, Léon and Bengio, Yoshua and Haffner, Patrick},
  title = {Gradient-based learning applied to document recognition},
  journal = {Proceedings of the IEEE},
  volume = {86},
  number = {11},
  pages = {2278--2324},
  year = {1998},
  doi = {10.1109/5.726791}
}



@article{Krizhevsky2012,
  author = {Alex Krizhevsky and Ilya Sutskever and Geoffrey E. Hinton},
  title = {ImageNet Classification with Deep Convolutional Neural Networks},
  journal = {Advances in Neural Information Processing Systems},
  year = {2012}
}

@article{Hinton2012,
  author = {Geoffrey E. Hinton and Nitish Srivastava and Alex Krizhevsky and Ilya Sutskever and Ruslan R. Salakhutdinov},
  title = {Improving neural networks by preventing co-adaptation of feature detectors},
  journal = {arXiv preprint arXiv:1207.0580},
  year = {2012}
}


@article{Ngugi2020,
  author = {Ngugi, Lilian C. and Kotut, K. and Okello, V.},
  title = {Deep Learning for Plant Disease Detection: A Review},
  journal = {International Journal of Advanced Research in Computer and Communication Engineering},
  volume = {9},
  number = {10},
  pages = {1--10},
  year = {2020},
  doi = {10.17148/IJARCCE.2020.91001}
}











































